@Book{xie2015,
  title = {Dynamic Documents with {R} and knitr},
  author = {Yihui Xie},
  publisher = {Chapman and Hall/CRC},
  address = {Boca Raton, Florida},
  year = {2015},
  edition = {2nd},
  note = {ISBN 978-1498716963},
  url = {http://yihui.org/knitr/},
}

@Book{venero,
  title = {Dynamic Documents with {R} and knitr},
  author = {Yihui Xie},
  publisher = {Chapman and Hall/CRC},
  address = {Boca Raton, Florida},
  year = {2015},
  edition = {2nd},
  note = {ISBN 978-1498716963},
  url = {http://yihui.org/knitr/},
}

@article{vincze2014college,
  title={College Geometry},
  author={Vincze, Csaba and Kozma, L{\'a}szl{\'o}},
  year={2014}
}


@book{leithold1990calculus,
  title={The calculus of a single variable with analytic geometry},
  author={Leithold, Louis},
  year={1990},
  publisher={Harper \& Row}
}
@misc{www,
	title = {Algebraic topology. Homotopy and group cohomology | Barcelona Conference on Algebraic Topology 1990 San Feliu De Guixols, Manuel Castellet, J. Aguade, Frederick R. Cohen, Frederick R. Cohen | digital library Bookfi},
	author = {{www}, {wwwwwww}},
	url = {http://en.bookfi.net/book/444154}
}

@misc{anintro,
	title = {An introduction to the fractional calculus and fractional differential equations | Kenneth S. Miller, Bertram Ross | digital library Bookfi},
	url = {http://en.bookfi.net/book/441691}
}

@article{stigt1996,
	title = {Introduction to Life, Art, and Mysticism},
	author = {{Stigt}, {Walter P. Van}},
	year = {1996},
	month = {07},
	date = {1996-07},
	journal = {Notre Dame Journal of Formal Logic},
	pages = {381--387},
	volume = {37},
	number = {3},
	doi = {10.1305/ndjfl/1039886517},
	url = {https://projecteuclid.org/journals/notre-dame-journal-of-formal-logic/volume-37/issue-3/Introduction-to-Life-Art-and-Mysticism/10.1305/ndjfl/1039886517.full}
}

@article{langlois2021,
	title = {Serial reproduction reveals the geometry of visuospatial representations},
	author = {{Langlois}, {Thomas A.} and {Jacoby}, {Nori} and {Suchow}, {Jordan W.} and {Griffiths}, {Thomas L.}},
	year = {2021},
	month = {03},
	date = {2021-03-30},
	journal = {Proceedings of the National Academy of Sciences},
	volume = {118},
	number = {13},
	doi = {10.1073/pnas.2012938118},
	url = {https://www.pnas.org/content/118/13/e2012938118},
	note = {PMID: 33771919},
	langid = {en}
}

@misc{applicat,
	title = {Applications of Fractional Calculus in Physics | Rudolf Hilfer | digital library Bookfi},
	url = {http://en.bookfi.net/book/441590}
}
